<record><leader>00000cas a22000007a 4500</leader><controlfield tag="001">1681216</controlfield><controlfield tag="008">751007d18581859mnuwr ne      0    0eng d</controlfield><datafield ind1=" " ind2=" " tag="010"><subfield code="a">sn 89064344 </subfield></datafield><datafield ind1=" " ind2=" " tag="040"><subfield code="a">MUL</subfield><subfield code="b">eng</subfield><subfield code="c">MUL</subfield><subfield code="d">MN#</subfield><subfield code="d">OCL</subfield><subfield code="d">DLC</subfield><subfield code="d">OCLCG</subfield><subfield code="d">OCLCQ</subfield><subfield code="d">OCLCF</subfield><subfield code="d">OCLCO</subfield></datafield><datafield ind1="1" ind2=" " tag="029"><subfield code="a">AU@</subfield><subfield code="b">000020224406</subfield></datafield><datafield ind1=" " ind2=" " tag="042"><subfield code="a">msc</subfield></datafield><datafield ind1=" " ind2=" " tag="043"><subfield code="a">n-us-mn</subfield></datafield><datafield ind1=" " ind2=" " tag="052"><subfield code="a">4144</subfield><subfield code="b">A9</subfield></datafield><datafield ind1=" " ind2=" " tag="052"><subfield code="a">4143</subfield><subfield code="b">M7</subfield></datafield><datafield ind1="0" ind2="0" tag="245"><subfield code="a">Mower County mirror.</subfield></datafield><datafield ind1=" " ind2=" " tag="260"><subfield code="a">Austin, Mower County, Minn. :</subfield><subfield code="b">Rufus K. Crum</subfield></datafield><datafield ind1=" " ind2=" " tag="300"><subfield code="a">v.</subfield></datafield><datafield ind1=" " ind2=" " tag="310"><subfield code="a">Weekly</subfield></datafield><datafield ind1="1" ind2=" " tag="362"><subfield code="a">Began in 1858; ceased in 1859?</subfield></datafield><datafield ind1="0" ind2=" " tag="362"><subfield code="a">-v. 1, no. 50 (Sept. 15, 1859).</subfield></datafield><datafield ind1=" " ind2=" " tag="500"><subfield code="a">Editor: D. Blakley.</subfield></datafield><datafield ind1=" " ind2=" " tag="530"><subfield code="a">Available on microfilm from the Minnesota Historical Society.</subfield></datafield><datafield ind1=" " ind2=" " tag="588"><subfield code="a">Description based on: Vol. 1, no. 6 (Nov. 4, 1858).</subfield></datafield><datafield ind1=" " ind2="0" tag="651"><subfield code="a">Austin (Minn.)</subfield><subfield code="v">Newspapers.</subfield></datafield><datafield ind1=" " ind2="7" tag="655"><subfield code="a">Newspapers.</subfield><subfield code="2">fast</subfield><subfield code="0">(OCoLC)fst01423814</subfield></datafield><datafield ind1=" " ind2="7" tag="651"><subfield code="a">Minnesota</subfield><subfield code="z">Austin.</subfield><subfield code="2">fast</subfield><subfield code="0">(OCoLC)fst01206372</subfield></datafield><datafield ind1="1" ind2=" " tag="700"><subfield code="a">Blakely, David,</subfield><subfield code="d">1834-1896.</subfield></datafield><datafield ind1=" " ind2=" " tag="752"><subfield code="a">United States</subfield><subfield code="b">Minnesota</subfield><subfield code="c">Mower</subfield><subfield code="d">Austin.</subfield></datafield><datafield ind1="0" ind2="0" tag="780"><subfield code="t">Bancroft pioneer</subfield></datafield><datafield ind1="0" ind2="0" tag="785"><subfield code="t">Minnesota mirror (Austin, Minn.)</subfield></datafield></record>